[gd_scene load_steps=17 format=2]

[ext_resource path="res://white_tile.png" type="Texture" id=1]
[ext_resource path="res://BG.jpg" type="Texture" id=2]
[ext_resource path="res://shader.tres" type="Material" id=3]
[ext_resource path="res://tileset.tres" type="TileSet" id=4]
[ext_resource path="res://onde.png" type="Texture" id=5]
[ext_resource path="res://wave_light.png" type="Texture" id=6]
[ext_resource path="res://player.tscn" type="PackedScene" id=7]
[ext_resource path="res://pink_item.tscn" type="PackedScene" id=8]
[ext_resource path="res://green_item.tscn" type="PackedScene" id=9]

[sub_resource type="CanvasItemMaterial" id=1]

render_priority = 0
blend_mode = 0
light_mode = 2

[sub_resource type="CanvasItemMaterial" id=2]

render_priority = 0
blend_mode = 0
light_mode = 2

[sub_resource type="Shader" id=3]

code = "shader_type canvas_item;

vec4 get_color(mat3 g_x, vec2 m_screen_uv, sampler2D m_screen_texture) {
	vec4 color = vec4(0.0);
	vec2 sc = m_screen_uv;
	vec2 st = 1.0 / vec2(textureSize(m_screen_texture, 0));
	
	
	color += g_x[0][0] * texture(m_screen_texture, vec2(sc.x - st.x, sc.y - st.y));
	color += g_x[0][1] * texture(m_screen_texture, vec2(sc.x, sc.y - st.y));
	color += g_x[0][2] * texture(m_screen_texture, vec2(sc.x + st.x, sc.y - st.y));
	
	color += g_x[1][0] * texture(m_screen_texture, vec2(sc.x - st.x, sc.y));
	color += g_x[1][1] * texture(m_screen_texture, vec2(sc.x, sc.y));
	color += g_x[1][2] * texture(m_screen_texture, vec2(sc.x + st.x, sc.y));
	
	color += g_x[2][0] * texture(m_screen_texture, vec2(sc.x - st.x, sc.y + st.y));
	color += g_x[2][1] * texture(m_screen_texture, vec2(sc.x, sc.y + st.y));
	color += g_x[2][2] * texture(m_screen_texture, vec2(sc.x + st.x, sc.y + st.y));
	return color;
}

void fragment() {
	mat3 g_x = mat3(vec3(1, 0, -1), vec3(2, 0, -2), vec3(1, 0, -1));
	mat3 g_y = mat3(vec3(1, 2, 1), vec3(0, 0, 0), vec3(-1, -2, -1));
	
	vec4 c_x = get_color(g_x, SCREEN_UV, SCREEN_TEXTURE);
	vec4 c_y = get_color(g_y, SCREEN_UV, SCREEN_TEXTURE);

	//COLOR.rgb = vec3(0.0);
	COLOR.rgb = sqrt(pow(c_x, vec4(2.0)) + pow(c_y, vec4(2.0))).rgb;
	
	/*
	for (int y = 0; y < 3; ++y) {
		for (int x = 0; x < 3; ++x) {
			color += g_x[0][0] * texture(SCREEN_TEXTURE, SCREEN_UV);
		}
	}
	*/
	//COLOR.rgb = textureLod(SCREEN_TEXTURE,SCREEN_UV,2.0).rgb;
}"

[sub_resource type="ShaderMaterial" id=4]

render_priority = 0
shader = SubResource( 3 )
_sections_unfolded = [ "shader_param" ]

[sub_resource type="Shader" id=5]

code = "shader_type canvas_item;

void fragment() {
	//mat3 g_x = mat3(vec3(1, 0, -1), vec3(2, 0, -2), vec3(1, 0, -1));
	mat3 g_x = mat3(vec3(1, 2, 1), vec3(0, 0, 0), vec3(-1, -2, -1));
	
	vec2 sc = SCREEN_UV;
	vec2 st = 1.0 / vec2(textureSize(SCREEN_TEXTURE, 0));
	
	vec4 color = vec4(0.0);
	
	color += g_x[0][0] * texture(SCREEN_TEXTURE, vec2(sc.x - st.x, sc.y - st.y));
	color += g_x[0][1] * texture(SCREEN_TEXTURE, vec2(sc.x, sc.y - st.y));
	color += g_x[0][2] * texture(SCREEN_TEXTURE, vec2(sc.x + st.x, sc.y - st.y));
	
	color += g_x[1][0] * texture(SCREEN_TEXTURE, vec2(sc.x - st.x, sc.y));
	color += g_x[1][1] * texture(SCREEN_TEXTURE, vec2(sc.x, sc.y));
	color += g_x[1][2] * texture(SCREEN_TEXTURE, vec2(sc.x + st.x, sc.y));
	
	color += g_x[2][0] * texture(SCREEN_TEXTURE, vec2(sc.x - st.x, sc.y + st.y));
	color += g_x[2][1] * texture(SCREEN_TEXTURE, vec2(sc.x, sc.y + st.y));
	color += g_x[2][2] * texture(SCREEN_TEXTURE, vec2(sc.x + st.x, sc.y + st.y));
	
	COLOR.rgb = color.rgb;
	
	/*
	for (int y = 0; y < 3; ++y) {
		for (int x = 0; x < 3; ++x) {
			color += g_x[0][0] * texture(SCREEN_TEXTURE, SCREEN_UV);
		}
	}
	*/
	//COLOR.rgb = textureLod(SCREEN_TEXTURE,SCREEN_UV,2.0).rgb;
}"

[sub_resource type="ShaderMaterial" id=6]

render_priority = 0
shader = SubResource( 5 )
_sections_unfolded = [ "shader_param" ]

[sub_resource type="StreamTexture" id=7]

flags = 4
load_path = "res://.import/white_tile.png-80bf824746cb704342057a302d74f834.stex"

[node name="Node" type="Control" index="0"]

anchor_left = 0.0
anchor_top = 0.0
anchor_right = 1.0
anchor_bottom = 1.0
rect_pivot_offset = Vector2( 0, 0 )
rect_clip_content = false
mouse_filter = 0
mouse_default_cursor_shape = 0
size_flags_horizontal = 1
size_flags_vertical = 1
__meta__ = {
"_edit_lock_": true
}

[node name="TextureRect2" type="TextureRect" parent="." index="0"]

visible = false
modulate = Color( 0, 0, 0, 1 )
anchor_left = 0.0
anchor_top = 0.0
anchor_right = 1.0
anchor_bottom = 1.0
rect_pivot_offset = Vector2( 0, 0 )
rect_clip_content = false
mouse_filter = 1
mouse_default_cursor_shape = 0
size_flags_horizontal = 1
size_flags_vertical = 1
texture = ExtResource( 1 )
stretch_mode = 2
_sections_unfolded = [ "Visibility" ]

[node name="TextureRect" type="TextureRect" parent="." index="1"]

visible = false
light_mask = 15
material = SubResource( 1 )
anchor_left = 0.0
anchor_top = 0.0
anchor_right = 1.0
anchor_bottom = 1.0
rect_pivot_offset = Vector2( 0, 0 )
rect_clip_content = false
mouse_filter = 1
mouse_default_cursor_shape = 0
size_flags_horizontal = 1
size_flags_vertical = 1
texture = ExtResource( 2 )
stretch_mode = 2
_sections_unfolded = [ "Focus", "Grow Direction", "Hint", "Material", "Mouse", "Rect", "Size Flags", "Theme", "Visibility" ]

[node name="BlueMap" type="TileMap" parent="." index="2"]

material = ExtResource( 3 )
position = Vector2( 510.811, 333.44 )
mode = 0
tile_set = ExtResource( 4 )
cell_size = Vector2( 32, 32 )
cell_quadrant_size = 16
cell_custom_transform = Transform2D( 1, 0, 0, 1, 0, 0 )
cell_half_offset = 2
cell_tile_origin = 0
cell_y_sort = false
cell_clip_uv = false
collision_use_kinematic = false
collision_friction = 1.0
collision_bounce = 0.0
collision_layer = 1
collision_mask = 1
occluder_light_mask = 1
format = 1
tile_data = PoolIntArray( -524300, 1, 0, -524299, 1, 0, -524298, 1, 0, -524297, 1, 0, -524296, 1, 0, -458764, 1, 0, -458760, 1, 0, -393228, 1, 0, -393225, 1, 0, -393224, 1, 0, -327692, 1, 0, -327690, 1, 0, -327689, 1, 0, -327688, 1, 0, -262156, 1, 0, -262151, 1, 0, -196620, 1, 0, -196615, 1, 0, -131084, 1, 0, -131083, 1, 0, -131082, 1, 0, -131081, 1, 0, -131080, 1, 0 )
_sections_unfolded = [ "Cell", "Material", "Visibility" ]
__meta__ = {
"_edit_lock_": true
}

[node name="GreenMap" type="TileMap" parent="." index="3"]

light_mask = 2
material = ExtResource( 3 )
position = Vector2( 510.811, 333.44 )
mode = 0
tile_set = ExtResource( 4 )
cell_size = Vector2( 32, 32 )
cell_quadrant_size = 16
cell_custom_transform = Transform2D( 1, 0, 0, 1, 0, 0 )
cell_half_offset = 2
cell_tile_origin = 0
cell_y_sort = false
cell_clip_uv = false
collision_use_kinematic = false
collision_friction = 1.0
collision_bounce = 0.0
collision_layer = 1
collision_mask = 1
occluder_light_mask = 1
format = 1
tile_data = PoolIntArray( -524284, 5, 0, -524283, 5, 0, -524282, 5, 0, -524281, 5, 0, -524280, 5, 0, -524279, 5, 0, -458749, 5, 0, -393213, 5, 0, -327677, 5, 0, -327674, 5, 0, -327673, 5, 0, -327672, 5, 0, -327671, 5, 0, -262141, 5, 0, -262135, 5, 0, -262134, 5, 0, -196605, 5, 0, -196604, 5, 0, -196598, 5, 0, -131068, 5, 0, -131067, 5, 0, -131066, 5, 0, -131065, 5, 0, -131064, 5, 0, -131063, 5, 0 )
_sections_unfolded = [ "Cell", "Visibility" ]
__meta__ = {
"_edit_lock_": true
}

[node name="RedMap" type="TileMap" parent="." index="4"]

light_mask = 4
material = ExtResource( 3 )
position = Vector2( 510.811, 333.44 )
mode = 0
tile_set = ExtResource( 4 )
cell_size = Vector2( 32, 32 )
cell_quadrant_size = 16
cell_custom_transform = Transform2D( 1, 0, 0, 1, 0, 0 )
cell_half_offset = 2
cell_tile_origin = 0
cell_y_sort = false
cell_clip_uv = false
collision_use_kinematic = false
collision_friction = 1.0
collision_bounce = 0.0
collision_layer = 1
collision_mask = 1
occluder_light_mask = 1
format = 1
tile_data = PoolIntArray( 131060, 0, 0, 131061, 0, 0, 131062, 0, 0, 196596, 0, 0, 196599, 0, 0, 262132, 0, 0, 262135, 0, 0, 327668, 0, 0, 327669, 0, 0, 327670, 0, 0, 393204, 0, 0, 393206, 0, 0, 393207, 0, 0, 458740, 0, 0, 458744, 0, 0, 524283, 0, 0, 524284, 0, 0, 524285, 0, 0, 524286, 0, 0, 524287, 0, 0, 458752, 0, 0, 458753, 0, 0 )
_sections_unfolded = [ "Cell", "Material", "Visibility" ]
__meta__ = {
"_edit_lock_": true
}

[node name="PinkMap" type="TileMap" parent="." index="5"]

light_mask = 8
material = ExtResource( 3 )
position = Vector2( 510.811, 333.44 )
mode = 0
tile_set = ExtResource( 4 )
cell_size = Vector2( 32, 32 )
cell_quadrant_size = 16
cell_custom_transform = Transform2D( 1, 0, 0, 1, 0, 0 )
cell_half_offset = 2
cell_tile_origin = 0
cell_y_sort = false
cell_clip_uv = false
collision_use_kinematic = false
collision_friction = 1.0
collision_bounce = 0.0
collision_layer = 1
collision_mask = 1
occluder_light_mask = 1
format = 1
tile_data = PoolIntArray( 65541, 6, 0, 65542, 6, 0, 65543, 6, 0, 131077, 6, 0, 131080, 6, 0, 196613, 6, 0, 196616, 6, 0, 262149, 6, 0, 262150, 6, 0, 262151, 6, 0, 327685, 6, 0, 393221, 6, 0, 393227, -2147483642, 0, 393228, -2147483642, 0, 393229, -2147483642, 0, 393230, -2147483642, 0, 393231, -2147483642, 0, 393232, -2147483642, 0, 393233, -2147483642, 0, 393234, -2147483642, 0, 393235, -2147483642, 0, 393236, -2147483642, 0, 393237, -2147483642, 0, 393238, -2147483642, 0, 393239, -2147483642, 0, 393240, -2147483642, 0, 393241, -2147483642, 0, 393242, -2147483642, 0, 393243, 6, 0, 393244, -2147483642, 0, 393245, -2147483642, 0, 458763, -2147483642, 0, 458764, -2147483642, 0, 458765, -2147483642, 0, 458766, -2147483642, 0, 458767, -2147483642, 0, 458768, -2147483642, 0, 458769, -2147483642, 0, 458770, -2147483642, 0, 458771, -2147483642, 0, 458772, -2147483642, 0, 458773, -2147483642, 0, 458774, -2147483642, 0, 458775, -2147483642, 0, 458776, -2147483642, 0, 458777, -2147483642, 0, 458778, -2147483642, 0, 458779, 6, 0, 458780, -2147483642, 0, 458781, -2147483642, 0, 524299, 6, 0, 524300, 6, 0, 524301, 6, 0, 524302, 6, 0, 524303, 6, 0, 524304, 6, 0, 524305, 6, 0, 524306, 6, 0, 524307, 6, 0, 524308, 6, 0, 524309, 6, 0, 524310, 6, 0, 524311, 6, 0, 524312, 6, 0, 524313, 6, 0, 524314, 6, 0, 524315, 6, 0, 524316, 6, 0, 524317, -2147483642, 0, 524323, 6, 0, 524324, 6, 0, 524325, 6, 0, 524326, 6, 0, 524327, 6, 0, 524328, 6, 0, 589851, 6, 0, 589852, 6, 0, 589853, -2147483642, 0, 655387, 6, 0, 655388, 6, 0, 655389, -2147483642, 0, 720923, 6, 0, 720924, 6, 0, 720925, -2147483642, 0, 786459, 6, 0, 786460, 6, 0, 786461, -2147483642, 0, 851995, 6, 0, 851996, 6, 0, 851997, -2147483642, 0, 917531, 6, 0, 917532, 6, 0, 917533, -2147483642, 0, 917534, -2147483642, 0, 917535, -2147483642, 0, 917536, -2147483642, 0, 917537, -2147483642, 0, 917538, -2147483642, 0, 917539, -2147483642, 0, 983067, 6, 0, 983068, 6, 0, 983069, 6, 0, 983070, 6, 0, 983071, 6, 0, 983072, 6, 0, 983073, 6, 0, 983074, 6, 0, 983075, 6, 0, 983076, 6, 0, 1048603, 6, 0, 1048604, 6, 0, 1048605, 6, 0, 1048606, 6, 0, 1048607, 6, 0, 1048608, 6, 0, 1048609, 6, 0, 1048610, 6, 0, 1048611, 6, 0, 1048612, 6, 0, 1048613, 6, 0, 1114139, 6, 0, 1114140, 6, 0, 1114141, 6, 0, 1114142, 6, 0, 1114143, 6, 0, 1114144, 6, 0, 1114145, 6, 0, 1114146, 6, 0, 1114147, 6, 0, 1114148, 6, 0, 1114149, 6, 0, 1114150, 6, 0, 1179675, 6, 0, 1179676, 6, 0, 1179677, 6, 0, 1179678, 6, 0, 1179679, 6, 0, 1179680, 6, 0, 1179681, 6, 0, 1179682, 6, 0, 1179683, 6, 0, 1179684, 6, 0, 1179685, 6, 0, 1179686, 6, 0, 1179687, 6, 0, 1245211, 6, 0, 1245212, 6, 0, 1245213, 6, 0, 1245214, 6, 0, 1245215, 6, 0, 1245216, 6, 0, 1245217, 6, 0, 1245218, 6, 0, 1245219, 6, 0, 1245220, 6, 0, 1245221, 6, 0, 1245222, 6, 0, 1245223, 6, 0, 1245224, 6, 0, 1310747, 6, 0, 1310748, 6, 0, 1310749, 6, 0, 1310750, 6, 0, 1310751, 6, 0, 1310752, 6, 0, 1310753, 6, 0, 1310754, 6, 0, 1310755, 6, 0, 1310756, 6, 0, 1310757, 6, 0, 1310758, 6, 0, 1310759, 6, 0, 1310760, 6, 0, 1310761, 6, 0 )
_sections_unfolded = [ "Cell", "Material", "Transform", "Visibility" ]
__meta__ = {
"_edit_lock_": true
}

[node name="BlueLightMap" type="TileMap" parent="." index="6"]

material = SubResource( 2 )
position = Vector2( 510.811, 333.44 )
mode = 0
tile_set = ExtResource( 4 )
cell_size = Vector2( 32, 32 )
cell_quadrant_size = 16
cell_custom_transform = Transform2D( 1, 0, 0, 1, 0, 0 )
cell_half_offset = 2
cell_tile_origin = 0
cell_y_sort = false
cell_clip_uv = false
collision_use_kinematic = false
collision_friction = 1.0
collision_bounce = 0.0
collision_layer = 1
collision_mask = 1
occluder_light_mask = 1
format = 1
tile_data = PoolIntArray(  )
_sections_unfolded = [ "Cell", "Collision", "Material", "Occluder", "Transform", "Visibility", "Z Index" ]
__meta__ = {
"_edit_lock_": true
}

[node name="GreenLightMap2" type="TileMap" parent="." index="7"]

light_mask = 2
material = SubResource( 2 )
position = Vector2( 510.811, 333.44 )
mode = 0
tile_set = ExtResource( 4 )
cell_size = Vector2( 32, 32 )
cell_quadrant_size = 16
cell_custom_transform = Transform2D( 1, 0, 0, 1, 0, 0 )
cell_half_offset = 2
cell_tile_origin = 0
cell_y_sort = false
cell_clip_uv = false
collision_use_kinematic = false
collision_friction = 1.0
collision_bounce = 0.0
collision_layer = 1
collision_mask = 1
occluder_light_mask = 1
format = 1
tile_data = PoolIntArray( -589821, 10, 0, -589820, 8, 0, -589819, 8, 0, -589818, 8, 0, -589817, 8, 0, -589816, 8, 0, -589815, -1610612726, 0, -524285, 1610612748, 0, -524279, -1610612728, 0, -458747, 1610612744, 0, -458746, 1610612744, 0, -458745, 1610612744, 0, -458744, 1610612744, 0, -458743, 1610612746, 0, -393211, -2147483638, 0, -393210, 8, 0, -393209, 8, 0, -393208, 8, 0, -393207, 8, 0 )
_sections_unfolded = [ "Cell", "Collision", "Material", "Occluder", "Transform", "Visibility", "Z Index" ]
__meta__ = {
"_edit_lock_": true
}

[node name="RedLightMap" type="TileMap" parent="." index="8"]

light_mask = 4
material = SubResource( 2 )
position = Vector2( 510.811, 333.44 )
mode = 0
tile_set = ExtResource( 4 )
cell_size = Vector2( 32, 32 )
cell_quadrant_size = 16
cell_custom_transform = Transform2D( 1, 0, 0, 1, 0, 0 )
cell_half_offset = 2
cell_tile_origin = 0
cell_y_sort = false
cell_clip_uv = false
collision_use_kinematic = false
collision_friction = 1.0
collision_bounce = 0.0
collision_layer = 1
collision_mask = 1
occluder_light_mask = 1
format = 1
tile_data = PoolIntArray(  )
_sections_unfolded = [ "Cell", "Collision", "Material", "Occluder", "Transform", "Visibility", "Z Index" ]
__meta__ = {
"_edit_lock_": true
}

[node name="PinkLightMap" type="TileMap" parent="." index="9"]

light_mask = 8
material = SubResource( 2 )
position = Vector2( 510.811, 333.44 )
mode = 0
tile_set = ExtResource( 4 )
cell_size = Vector2( 32, 32 )
cell_quadrant_size = 16
cell_custom_transform = Transform2D( 1, 0, 0, 1, 0, 0 )
cell_half_offset = 2
cell_tile_origin = 0
cell_y_sort = false
cell_clip_uv = false
collision_use_kinematic = false
collision_friction = 1.0
collision_bounce = 0.0
collision_layer = 1
collision_mask = 1
occluder_light_mask = 1
format = 1
tile_data = PoolIntArray( 327691, 15, 0, 327692, 15, 0, 327693, 15, 0, 327694, 15, 0, 327695, 15, 0, 327696, 15, 0, 327697, 15, 0, 327698, 15, 0, 327699, 15, 0, 327700, 15, 0, 327701, 15, 0, 327702, 15, 0 )
_sections_unfolded = [ "Cell", "Collision", "Material", "Occluder", "Transform", "Visibility", "Z Index" ]
__meta__ = {
"_edit_lock_": true
}

[node name="sobel_x" type="TextureRect" parent="." index="10"]

material = SubResource( 4 )
anchor_left = 0.0
anchor_top = 0.0
anchor_right = 0.0
anchor_bottom = 0.0
margin_left = -9.0
margin_top = 79.0
margin_right = 1020.0
margin_bottom = 681.0
rect_pivot_offset = Vector2( 0, 0 )
rect_clip_content = false
mouse_filter = 1
mouse_default_cursor_shape = 0
size_flags_horizontal = 1
size_flags_vertical = 1
texture = ExtResource( 1 )
expand = true
stretch_mode = 0
_sections_unfolded = [ "Material" ]

[node name="BackBufferCopy" type="BackBufferCopy" parent="." index="11"]

visible = false
copy_mode = 2
rect = Rect2( -100, -100, 200, 200 )
_sections_unfolded = [ "Transform" ]

[node name="BackBufferCopy2" type="BackBufferCopy" parent="." index="12"]

visible = false
copy_mode = 2
rect = Rect2( -100, -100, 200, 200 )

[node name="sobel_y" type="TextureRect" parent="BackBufferCopy2" index="0"]

visible = false
material = SubResource( 6 )
anchor_left = 0.0
anchor_top = 0.0
anchor_right = 0.0
anchor_bottom = 0.0
margin_left = -78.6205
margin_top = -32.577
margin_right = 950.38
margin_bottom = 569.423
rect_pivot_offset = Vector2( 0, 0 )
rect_clip_content = false
mouse_filter = 1
mouse_default_cursor_shape = 0
size_flags_horizontal = 1
size_flags_vertical = 1
texture = SubResource( 7 )
expand = true
stretch_mode = 0
_sections_unfolded = [ "Material", "Visibility" ]

[node name="GreenLight" type="Light2D" parent="." index="13"]

visible = false
light_mask = 3
position = Vector2( 756.18, 201.665 )
enabled = true
editor_only = false
texture = ExtResource( 5 )
offset = Vector2( 0, 0 )
texture_scale = 5.0
color = Color( 1, 1, 1, 1 )
energy = 1.0
mode = 0
range_height = 0.0
range_z_min = -1024
range_z_max = 1024
range_layer_min = 0
range_layer_max = 0
range_item_cull_mask = 2
shadow_enabled = false
shadow_color = Color( 0, 0, 0, 0 )
shadow_buffer_size = 2048
shadow_gradient_length = 0.0
shadow_filter = 0
shadow_filter_smooth = 0.0
shadow_item_cull_mask = 1
_sections_unfolded = [ "Range", "Visibility" ]

[node name="RedLight" type="Light2D" parent="." index="14"]

visible = false
light_mask = 3
position = Vector2( 196.773, 413.18 )
enabled = true
editor_only = false
texture = ExtResource( 6 )
offset = Vector2( 0, 0 )
texture_scale = 5.0
color = Color( 1, 1, 1, 1 )
energy = 1.0
mode = 0
range_height = 0.0
range_z_min = -1024
range_z_max = 1024
range_layer_min = 0
range_layer_max = 0
range_item_cull_mask = 4
shadow_enabled = false
shadow_color = Color( 0, 0, 0, 0 )
shadow_buffer_size = 2048
shadow_gradient_length = 0.0
shadow_filter = 0
shadow_filter_smooth = 0.0
shadow_item_cull_mask = 1
_sections_unfolded = [ "Range", "Visibility" ]

[node name="PinkLight" type="Light2D" parent="." index="15"]

visible = false
light_mask = 3
position = Vector2( 744.626, 455.526 )
enabled = true
editor_only = false
texture = ExtResource( 5 )
offset = Vector2( 0, 0 )
texture_scale = 5.0
color = Color( 1, 1, 1, 1 )
energy = 1.0
mode = 0
range_height = 0.0
range_z_min = -1024
range_z_max = 1024
range_layer_min = 0
range_layer_max = 0
range_item_cull_mask = 8
shadow_enabled = false
shadow_color = Color( 0, 0, 0, 0 )
shadow_buffer_size = 2048
shadow_gradient_length = 0.0
shadow_filter = 0
shadow_filter_smooth = 0.0
shadow_item_cull_mask = 1
_sections_unfolded = [ "Material", "Range", "Visibility" ]

[node name="player" parent="." index="16" instance=ExtResource( 7 )]

position = Vector2( 473.616, 491.763 )

[node name="item2" parent="." index="17" instance=ExtResource( 8 )]

position = Vector2( 341.838, 471.209 )

[node name="item" parent="." index="18" instance=ExtResource( 9 )]

position = Vector2( 554.745, 493.331 )
item_name = "green"


